%===========reference papers in introduction==========%
%==========Leonardo==========%
@article{breazeal2004tutelage,
  title={Tutelage and collaboration for humanoid robots},
  author={Breazeal, Cynthia and Brooks, Andrew and Gray, Jesse and Hoffman, Guy and Kidd, Cory and Lee, Hans and Lieberman, Jeff and Lockerd, Andrea and Chilongo, David},
  journal={International Journal of Humanoid Robotics},
  volume={1},
  number={02},
  pages={315--348},
  year={2004},
  publisher={World Scientific}
}
%==========Mobile robot helper==========%
@inproceedings{kosuge2000mobile,
  title={Mobile robot helper},
  author={Kosuge, Kazuhiro and Sato, Manabu and Kazamura, Norihide},
  booktitle={Robotics and Automation, 2000. Proceedings. ICRA'00. IEEE International Conference on},
  volume={1},
  pages={583--588},
  year={2000},
  organization={IEEE}
}
%==========third hand==========%
@article{bischoff2013sme,
  title={The SME Worker¡¦s Third Hand},
  author={Bischoff, R and Schmirgel, V and Suppa, M},
  journal={SME Project [Online]: http://www. smerobot. org/index. php, l etzter Zugriff: Mai},
  year={2013}
}
%==========URL for Audi=========%
@Misc{micorporate.com,
howpublished = {\url{http://www.micorporate.com/Bureau/Technology/216/Human-robot-cooperation-heralds-new-kind-of-manufacturing-at-Audi-Motown-India-Bureau}},
note = {Accessed August 3, 2017},
title = {HUMAN ROBOT COOPERATION HERALDS NEW KIND OF MANUFACTURING AT AUDI},
author = {Motown India Bureau}
}

%==========URL for BMW==========%
@Misc{press.bmwgroup.com,
howpublished = {\url{https://www.press.bmwgroup.com/global/article/detail/T0268199EN/bmw-group-harnesses-potential-of-innovative-automation-and-flexible-assistance-systems-in-production?language=en}},
note = {Accessed March 2, 2017},
title = {BMW Group Harnesses Potential of Innovative Automation and Flexible Assistance Systems in Production},
author = {Sandra Schillmoeller, BMW Group }
}
%==========part delivery for collaborative assembly==========%
@article{unhelkar2018human,
  title={Human-aware robotic assistant for collaborative assembly: Integrating human motion prediction with planning in time},
  author={Unhelkar, Vaibhav V and Lasota, Przemyslaw A and Tyroller, Quirin and Buhai, Rares-Darius and Marceau, Laurie and Deml, Barbara and Shah, Julie A},
  journal={IEEE Robotics and Automation Letters},
  volume={3},
  number={3},
  pages={2394--2401},
  year={2018},
  publisher={IEEE}
}
%==========pick and place==========%
@article{van2012pick,
  title={Pick-and-place application development using voice and visual commands},
  author={van Delden, Sebastian and Umrysh, Michael and Rosario, Carlos and Hess, Gregory},
  journal={Industrial Robot: An International Journal},
  volume={39},
  number={6},
  pages={592--600},
  year={2012},
  publisher={Emerald Group Publishing Limited}
}
%==========hand motion to control the manipulator==========%
@article{du2015markerless,
  title={A Markerless Human-Robot Interface Using Particle Filter and Kalman Filter for Dual Robots.},
  author={Du, Guanglong and Zhang, Ping},
  journal={IEEE Trans. Industrial Electronics},
  volume={62},
  number={4},
  pages={2257--2264},
  year={2015}
}
%==========gesture interface for interactive clean-up task==========%
@article{waldherr2000gesture,
  title={A gesture based interface for human-robot interaction},
  author={Waldherr, Stefan and Romero, Roseli and Thrun, Sebastian},
  journal={Autonomous Robots},
  volume={9},
  number={2},
  pages={151--173},
  year={2000},
  publisher={Springer}
}
%==========speech recognizer==========%
@article{chan2012enhancement,
  title={Enhancement of speech recognitions for control automation using an intelligent particle swarm optimization},
  author={Chan, Kit Yan and Yiu, Cedric KF and Dillon, Tharam S and Nordholm, Sven and Ling, Sai Ho},
  journal={IEEE Transactions on Industrial Informatics},
  volume={8},
  number={4},
  pages={869--879},
  year={2012},
  publisher={IEEE}
}
%==========definition of intention recognition==========%
@incollection{sadri2011logic,
  title={Logic-based approaches to intention recognition},
  author={Sadri, Fariba},
  booktitle={Handbook of Research on Ambient Intelligence and Smart Environments: Trends and Perspectives},
  pages={346--375},
  year={2011},
  publisher={IGI Global}
}
%==========intention recognition path==========%
@techreport{heinze2004modelling,
  title={Modelling intention recognition for intelligent agent systems},
  author={Heinze, Clint},
  year={2004},
  institution={DEFENCE SCIENCE AND TECHNOLOGY ORGANISATION SALISBURY (AUSTRALIA) SYSTEMS SCIENCES LAB}
}
%==========new intention recognition path==========%
@article{schlenoff2015intention,
  title={Intention recognition in manufacturing applications},
  author={Schlenoff, Craig and Kootbally, Zeid and Pietromartire, Anthony and Franaszek, Marek and Foufou, Sebti},
  journal={Robotics and Computer-Integrated Manufacturing},
  volume={33},
  pages={29--41},
  year={2015},
  publisher={Elsevier}
}


%===================================================%
%===========action recognition reference============%
%%%Introduction
% space tiem approach: 7
%1
@article{bobick2001recognition,
	title={The recognition of human movement using temporal templates},
	author={Bobick, Aaron F. and Davis, James W.},
	journal={IEEE Transactions on Pattern Analysis and Machine Intelligence},
	volume={23},
	number={3},
	pages={257--267},
	year={2001},
	publisher={IEEE}
}
%2
@inproceedings{ke2007spatio,
	title={Spatio-temporal shape and flow correlation for action recognition},
	author={Ke, Yan and Sukthankar, Rahul and Hebert, Martial},
	booktitle={2007 IEEE Conference on Computer Vision and Pattern Recognition},
	pages={1--8},
	year={2007},
	organization={IEEE}
}
%3
@inproceedings{lublinerman2006activity,
	title={Activity recognition from silhouettes using linear systems and model (in) validation techniques},
	author={Lublinerman, Roberto and Ozay, Necmiye and Zarpalas, Dimitrios and Camps, Octavia},
	booktitle={18th International Conference on Pattern Recognition (ICPR'06)},
	volume={1},
	pages={347--350},
	year={2006},
	organization={IEEE}
}
%4
@inproceedings{veeraraghavan2006function,
	title={The function space of an activity},
	author={Veeraraghavan, Ashok and Chellappa, Rama and Roy-Chowdhury, Amit K},
	booktitle={2006 IEEE Computer Society Conference on Computer Vision and Pattern Recognition (CVPR'06)},
	volume={1},
	pages={959--968},
	year={2006},
	organization={IEEE}
}
%5
@inproceedings{shechtman2005space,
	title={Space-time behavior based correlation},
	author={Shechtman, Eli and Irani, Michal},
	booktitle={2005 IEEE Computer Society Conference on Computer Vision and Pattern Recognition (CVPR'05)},
	volume={1},
	pages={405--412},
	year={2005},
	organization={IEEE}
}
%6
@article{zhang2004modeling,
	title={Modeling individual and group actions in meetings with layered HMMs},
	author={Zhang, Dong and Gatica-Perez, Daniel and Bengio, Samy and McCowan, Iain A and Lathoud, Guillaume},
	journal={IEEE Transactions on Multimedia},
	volume={8},
	number={3},
	pages={509-520},
	year={2006},
	publisher={IEEE}
}
%7
@inproceedings{yu2006detection,
	title={Detection of fence climbing from monocular video},
	author={Yu, Elden and Aggarwal, Jake K},
	booktitle={18th International Conference on Pattern Recognition (ICPR'06)},
	volume={1},
	pages={375--378},
	year={2006},
	organization={IEEE}
}
%8
@inproceedings{joo2006attribute,
	title={Attribute grammar-based event recognition and anomaly detection},
	author={Joo, Seong-Wook and Chellappa, Rama},
	booktitle={2006 Conference on Computer Vision and Pattern Recognition Workshop (CVPRW'06)},
	pages={107--107},
	year={2006},
	organization={IEEE}
}
%9
@inproceedings{kitani2007recovering,
	title={Recovering the basic structure of human activities from a video-based symbol string},
	author={Kitani, Kris M and Sato, Yoichi and Sugimoto, Akihiro},
	booktitle={Motion and Video Computing, 2007. WMVC'07. IEEE Workshop on},
	pages={9--9},
	year={2007},
	organization={IEEE}
}
%10
@inproceedings{ryoo2006recognition,
	title={Recognition of composite human activities through context-free grammar based representation},
	author={Ryoo, Michael S and Aggarwal, Jake K},
	booktitle={2006 IEEE Computer Society Conference on Computer Vision and Pattern Recognition (CVPR'06)},
	volume={2},
	pages={1709--1718},
	year={2006},
	organization={IEEE}
}
%11
% New Sensors, Kinect
@article{zhang2012microsoft,
	title={Microsoft kinect sensor and its effect},
	author={Zhang, Zhengyou},
	journal={IEEE MultiMedia},
	volume={19},
	number={2},
	pages={4--10},
	year={2012},
	publisher={IEEE}
}
%12
@article{shotton2013real,
	title={Real-time human pose recognition in parts from single depth images},
	author={Shotton, Jamie and Sharp, Toby and Kipman, Alex and Fitzgibbon, Andrew and Finocchio, Mark and Blake, Andrew and Cook, Mat and Moore, Richard},
	journal={Commun. ACM},
	volume={56},
	number={1},
	pages={116--124},
	year={2013},
	publisher={ACM}
}
%13
%%%Related Work
% Brief introduction
@article{aggarwal2011human,
	title={Human activity analysis: A review},
	author={Aggarwal, Jake K and Ryoo, Michael S},
	journal={ACM Comput. Surv.},
	volume={43},
	number={3},
	pages={16:1--16:43},
	year={2011},
	publisher={ACM}
}
%14
@article{aggarwal2014human,
	title={Human activity recognition from {3D} data: A review},
	author={Aggarwal, Jake K and Xia, Lu},
	journal={Pattern Recognition Letters},
	volume={48},
	number = {Supplement C},
	pages={70--80},
	year={2014},
	publisher={Elsevier}
}
%15
@article{chaquet2013survey,
	title={A survey of video datasets for human action and activity recognition},
	author={Chaquet, Jose M and Carmona, Enrique J and Fern{\'a}ndez-Caballero, Antonio},
	journal={Computer Vision and Image Understanding},
	volume={117},
	number={6},
	pages={633--659},
	year={2013},
	publisher={Elsevier}
}
%16
@article{ke2013review,
	title={A review on video-based human activity recognition},
	author={Ke, Shian-Ru and Thuc, Hoang Le Uyen and Lee, Yong-Jin and Hwang, Jenq-Neng and Yoo, Jang-Hee and Choi, Kyoung-Ho},
	journal={Computers},
	volume={2},
	number={2},
	pages={88--131},
	year={2013},
	publisher={Multidisciplinary Digital Publishing Institute}
}
%17
@article{srivastava2012advances,
	title={On advances in differential-geometric approaches for {2D} and {3D} shape analyses and activity recognition},
	author={Srivastava, Anuj and Turaga, Pavan and Kurtek, Sebastian},
	journal={Image and Vision Computing},
	volume={30},
	number={6},
	pages={398--416},
	year={2012},
	publisher={Elsevier}
}
%18
@inproceedings{li2010action,
	title={Action recognition based on a bag of {3D} points},
	author={Li, Wanqing and Zhang, Zhengyou and Liu, Zicheng},
	booktitle={2010 IEEE Computer Society Conference on Computer Vision and Pattern Recognition - Workshops},
	pages={9--14},
	year={2010},
	organization={IEEE}
}
%19
@inproceedings{sung2012unstructured,
	title={Unstructured human activity detection from {RGBD} images},
	author={Sung, Jaeyong and Ponce, Colin and Selman, Bart and Saxena, Ashutosh},
	booktitle={2012 IEEE International Conference on Robotics and Automation}, 
	pages={842--849},
	year={2012},
	organization={IEEE}
}
%20
% Detailed introduction of some work
@article{cippitelli2016human,
	title={A Human Activity Recognition System Using Skeleton Data from {RGBD} Sensors},
	author={Cippitelli, Enea and Gasparrini, Samuele and Gambi, Ennio and Spinsante, Susanna},
	journal={Intell. Neuroscience},
	volume={2016},
	pages={21--34},
	year={2016},
	publisher={Hindawi Publishing Corp.}
}
%21
@inproceedings{eweiwi2014efficient,
	title={Efficient pose-based action recognition},
	author={Eweiwi, Abdalrahman and Cheema, Muhammed S and Bauckhage, Christian and Gall, Juergen},
	booktitle={Asian Conference on Computer Vision (ACCV)},
	pages={428--443},
	year={2014},
	organization={Springer}
}
%22
@article{amor2016action,
	title={Action recognition using rate-invariant analysis of skeletal shape trajectories},
	author={Amor, Boulbaba Ben and Su, Jingyong and Srivastava, Anuj},
	journal={IEEE Transactions on Pattern Analysis and Machine Intelligence}, 
	volume={38},
	number={1},
	pages={1--13},
	year={2016},
	publisher={IEEE}
}
%23
@inproceedings{tao2015moving,
	title={Moving poselets: A discriminative and interpretable skeletal motion representation for action recognition},
	author={Tao, Lingling and Vidal, Ren{\'e}},
	booktitle={The IEEE International Conference on Computer Vision (ICCV) Workshops},
	month = {December},
	pages={61--69},
	year={2015}
}
%24
@article{zhu2016human,
	title={Human action recognition using multi-layer codebooks of key poses and atomic motions},
	author={Zhu, Guangming and Zhang, Liang and Shen, Peiyi and Song, Juan},
	journal={Signal Processing: Image Communication},
	volume={42},
	pages={19--30},
	year={2016},
	publisher={Elsevier}
}
%25
@inproceedings{yang2012eigenjoints,
	title={Eigenjoints-based action recognition using naive-bayes-nearest-neighbor},
	author={Yang, Xiaodong and Tian, Ying Li},
	booktitle={2012 IEEE Computer Society Conference on Computer Vision and Pattern Recognition Workshops},
	pages={14--19},
	year={2012},
	organization={IEEE}
}
%26
@article{zhu2016online,
	title={An Online Continuous Human Action Recognition Algorithm Based on the Kinect Sensor},
	author={Zhu, Guangming and Zhang, Liang and Shen, Peiyi and Song, Juan},
	journal={Sensors},
	volume={16},
	number={2},
	pages={161},
	year={2016},
	publisher={Multidisciplinary Digital Publishing Institute}
}
%27
@article{ofli2014sequence,
	title={Sequence of the most informative joints ({SMIJ}): A new representation for human skeletal action recognition},
	author={Ofli, Ferda and Chaudhry, Rizwan and Kurillo, Gregorij and Vidal, Ren{\'e} and Bajcsy, Ruzena},
	journal={Journal of Visual Communication and Image Representation},
	volume={25},
	number={1},
	pages={24--38},
	year={2014},
	publisher={Elsevier}
}
%28
@article{jiang2015informative,
	title={Informative joints based human action recognition using skeleton contexts},
	author={Jiang, Min and Kong, Jun and Bebis, George and Huo, Hongtao},
	journal={Signal Processing: Image Communication},
	volume={33},
	number = {Supplement C},
	pages={29--40},
	year={2015},
	publisher={Elsevier}
}
%29
@article{chaaraoui2014evolutionary,
	title={Evolutionary joint selection to improve human action recognition with {RGB-D} devices},
	author={Chaaraoui, Alexandros Andre and Padilla-L{\'o}pez, Jos{\'e} Ram{\'o}n and Climent-P{\'e}rez, Pau and Fl{\'o}rez-Revuelta, Francisco},
	journal={Expert Systems with Applications},
	volume={41},
	number={3},
	pages={786--794},
	year={2014},
	publisher={Elsevier}
}
%30
@inproceedings{chaaraoui2012efficient,
	title={An efficient approach for multi-view human action recognition based on bag-of-key-poses},
	author={Chaaraoui, Alexandros Andre and Climent-P{\'e}rez, Pau and Fl{\'o}rez-Revuelta, Francisco},
	booktitle={International Workshop on Human Behavior Understanding},
	pages={29--40},
	year={2012},
	organization={Springer}
}
%31
@article{ding2016learning,
	title={Learning hierarchical spatio-temporal pattern for human activity prediction},
	author={Ding, Wenwen and Liu, Kai and Cheng, Fei and Zhang, Jin},
	journal={Journal of Visual Communication and Image Representation},
	volume={35},
	number = {Supplement C},
	pages={103--111},
	year={2016},
	publisher={Elsevier}
}
%32
@inproceedings{du2015hierarchical,
	title={Hierarchical recurrent neural network for skeleton based action recognition},
	author={Du, Yong and Wang, Wei and Wang, Liang},
	booktitle={The IEEE Conference on Computer Vision and Pattern Recognition (CVPR)},
	pages={1110--1118},
	year={2015},
	organization={IEEE}
}
%33
%%%Method
% SVD skeletal data denoising
@article{lai2011motion,
	title={Motion capture data completion and denoising by singular value thresholding},
	author={Lai, Ranch Y. Q. and Yuen, Pong C. and Lee, Kelvin K. W.},
	journal={Proc. Eurographics},
	pages={45--48},
	year={2011}
}
%34
@article{sparck1972statistical,
	title={A statistical interpretation of term specificity and its application in retrieval},
	author={Sparck Jones, Karen},
	journal={Journal of Documentation},
	volume={28},
	number={1},
	pages={11--21},
	year={1972},
	publisher={MCB UP Ltd}
}
%============Acceleration feature reference=============
@inproceedings{zanfir2013moving,
  title={The moving pose: An efficient 3d kinematics descriptor for low-latency action recognition and detection},
  author={Zanfir, Mihai and Leordeanu, Marius and Sminchisescu, Cristian},
  booktitle={Proceedings of the IEEE international conference on computer vision},
  pages={2752--2759},
  year={2013}
}

@inproceedings{gomez2013statistical,
  title={Statistical person verification using behavioral patterns from complex human motion},
  author={Gomez-Caballero, Felipe and Shinozaki, Takahiro and Furui, Sadaoki and Shinoda, Koichi},
  booktitle={International Conference on Image Analysis and Processing},
  pages={550--558},
  year={2013},
  organization={Springer}
}

@article{santos2015trajectory,
  title={Trajectory-based human action segmentation},
  author={Santos, Lu{\'\i}s and Khoshhal, Kamrad and Dias, Jorge},
  journal={Pattern Recognition},
  volume={48},
  number={2},
  pages={568--579},
  year={2015},
  publisher={Elsevier}
}

@article{cai2016effective,
  title={Effective active skeleton representation for low latency human action recognition},
  author={Cai, Xingyang and Zhou, Wengang and Wu, Lei and Luo, Jiebo and Li, Houqiang},
  journal={IEEE Transactions on Multimedia},
  volume={18},
  number={2},
  pages={141--154},
  year={2016},
  publisher={IEEE}
}

@inproceedings{hu2017temporal,
  title={Temporal perceptive network for skeleton-based action recognition},
  author={Hu, Yueyu and Liu, Chunhui and Li, Yanghao and Song, Sijie and Liu, Jiaying},
  booktitle={Proc. of British Machine Vision Conference (BMVC)},
  pages={1--2},
  year={2017}
}
%============experiment results comparison=============
%35
@article{chen2013real,
	title={Real-time human action recognition based on depth motion maps},
	author={Chen, Chen and Liu, Kui and Kehtarnavaz, Nasser},
	journal={Journal of Real-Time Image Processing},
	pages={155--163},
	year={2016},
	publisher={Springer}
}
%36
@inproceedings{gowayyed2013histogram,
	title={Histogram of Oriented Displacements (HOD): Describing Trajectories of Human Joints for Action Recognition.},
	author={Gowayyed, Mohammad Abdelaziz and Torki, Marwan and Hussein, Mohammed Elsayed and El-Saban, Motaz},
	booktitle={International Joint Conference on Artificial Intelligence},
	pages={1351--1357},
	year={2013},
	organization={AAAI Press}
}
%37
@inproceedings{vemulapalli2014human,
	title={Human action recognition by representing {3D} skeletons as points in a lie group},
	author={Vemulapalli, Raviteja and Arrate, Felipe and Chellappa, Rama},
	booktitle={The IEEE Conference on Computer Vision and Pattern Recognition (CVPR)},
	pages={588--595},
	year={2014},
	organization={IEEE}
}
%38
@article{ding2016profile,
	title={Profile HMMs for skeleton-based human action recognition},
	author={Ding, Wenwen and Liu, Kai and Fu, Xujia and Cheng, Fei},
	journal={Signal Processing: Image Communication},
	volume={42},
	pages={109--119},
	year={2016},
	publisher={Elsevier}
}
%39
@article{du2016representation,
	title={Representation Learning of Temporal Dynamics for Skeleton-Based Action Recognition},
	author={Du, Yong and Fu, Yun and Wang, Liang},
	journal={IEEE Transactions on Image Processing},
	volume={25},
	number={7},
	pages={3010--3022},
	year={2016},
	publisher={IEEE}
}
@article{nunez2018convolutional,
  title={Convolutional Neural Networks and Long Short-Term Memory for skeleton-based human activity and hand gesture recognition},
  author={N{\'u}{\~n}ez, Juan C and Cabido, Ra{\'u}l and Pantrigo, Juan J and Montemayor, Antonio S and V{\'e}lez, Jos{\'e} F},
  journal={Pattern Recognition},
  volume={76},
  pages={80--94},
  year={2018},
  publisher={Elsevier}
}

@article{patrona2018motion,
  title={Motion analysis: action detection, recognition and evaluation based on motion capture data},
  author={Patrona, Fotini and Chatzitofis, Anargyros and Zarpalas, Dimitrios and Daras, Petros},
  journal={Pattern Recognition},
  volume={76},
  pages={612--622},
  year={2018},
  publisher={Elsevier}
}

@article{lillo2017sparse,
  title={Sparse composition of body poses and atomic actions for human activity recognition in RGB-D videos},
  author={Lillo, Ivan and Niebles, Juan Carlos and Soto, Alvaro},
  journal={Image and Vision Computing},
  volume={59},
  pages={63--75},
  year={2017},
  publisher={Elsevier}
}

@inproceedings{lee2017ensemble,
  title={Ensemble deep learning for skeleton-based action recognition using temporal sliding lstm networks},
  author={Lee, Inwoong and Kim, Doyoung and Kang, Seoungyoon and Lee, Sanghoon},
  booktitle={2017 IEEE International Conference on Computer Vision (ICCV)},
  pages={1012--1020},
  year={2017},
  organization={IEEE}
}

% ================Cornell CAD-60 Dataset======================%
%40
@article{koppula2013learning,
	title={Learning human activities and object affordances from {RGB-D} videos},
	author={Koppula, Hema Swetha and Gupta, Rudhir and Saxena, Ashutosh},
	journal={The International Journal of Robotics Research},
	volume={32},
	number={8},
	pages={951--970},
	year={2013},
	publisher={SAGE Publications}
}
%41
@article{zhang2012rgb,
	title={{RGB-D} camera-based daily living activity recognition},
	author={Zhang, Chenyang and Tian, Yingli},
	journal={Journal of Computer Vision and Image Processing},
	volume={2},
	number={4},
	pages={1-7},
	year={2012}
}
%42
@article{yang2014effective,
	title={Effective {3D} action recognition using eigenjoints},
	author={Yang, Xiaodong and Tian, YingLi},
	journal={Journal of Visual Communication and Image Representation},
	volume={25},
	number={1},
	pages={2--11},
	year={2014},
	publisher={Elsevier}
}
%43
@inproceedings{piyathilaka2013gaussian,
	title={Gaussian mixture based HMM for human daily activity recognition using {3D} skeleton features},
	author={Piyathilaka, Lasitha and Kodagoda, Sarath},
	booktitle={2013 IEEE 8th Conference on Industrial Electronics and Applications (ICIEA)},
	pages={567--572},
	year={2013},
	organization={IEEE}
}
%44
@article{ni2013multilevel,
	title={Multilevel depth and image fusion for human activity detection},
	author={Ni, Bingbing and Pei, Yong and Moulin, Pierre and Yan, Shuicheng},
	journal={IEEE Transactions on Cybernetics}, 
	volume={43},
	number={5},
	pages={1383--1394},
	year={2013},
	publisher={IEEE}
}
%45
@inproceedings{gupta2013human,
	title={Human activities recognition using depth images},
	author={Gupta, Raj and Chia, Alex Yong-Sang and Rajan, Deepu},
	booktitle={Proceedings of the 21st ACM International Conference on Multimedia},
	pages={283--292},
	year={2013},
	organization={ACM}
}
%46
@article{zhu2014evaluating,
	title={Evaluating spatiotemporal interest point features for depth-based action recognition},
	author={Zhu, Yu and Chen, Wenbin and Guo, Guodong},
	journal={Image and Vision Computing},
	volume={32},
	number={8},
	pages={453--464},
	year={2014},
	publisher={Elsevier}
}
%47
@inproceedings{faria2014probabilistic,
	title={A probabilistic approach for human everyday activities recognition using body motion from {RGB-D} images},
	author={Faria, Diego R and Premebida, Cristiano and Nunes, Urbano},
	booktitle={The 23rd IEEE International Symposium on Robot and Human Interactive Communication},
	pages={732--737},
	year={2014},
	organization={IEEE}
}
%48
@article{parisi2015self,
	title={Self-organizing neural integration of pose-motion features for human action recognition},
	author={Parisi, German I and Weber, Cornelius and Wermter, Stefan},
	journal={Frontiers in Neurorobotics},
	volume={9},
	number={3},
	year={2015},
	publisher={Frontiers Media SA}
}
%=========== 49 =================%
@article{wang2017novel,
	title={A novel local feature descriptor based on energy information for human activity recognition},
	author={Wang, Yongxiong and Shi, Yubo and Wei, Guoliang},
	journal={Neurocomputing},
	volume={228},
	number = {Supplement C},
	pages={19--28},
	year={2017},
	publisher={Elsevier}
}
%=========== 50 =================%
@inproceedings{shan20143d,
	title={{3D} human action segmentation and recognition using pose kinetic energy},
	author={Shan, Junjie and Akella, Srinivas},
	booktitle={2014 IEEE International Workshop on Advanced Robotics and its Social Impacts},
	pages={69--75},
	year={2014},
	organization={IEEE}
}
%=========== jlwang =================%
@inproceedings{ryoo2009spatio,
	title={Spatio-temporal relationship match: Video structure comparison for recognition of complex human activities},
	author={Ryoo, Michael S and Aggarwal, Jake K},
	booktitle={2009 IEEE 12th international conference on computer vision},
	pages={1593--1600},
	year={2009},
	organization={IEEE}
}
%=========== tf usage paper =================%
@article{thanh2014extraction,
	title={Extraction of discriminative patterns from skeleton sequences for accurate action recognition},
	author={Thanh, Tran Thang and Chen, Fan and Kotani, Kazunori and Le, Bac},
	journal={Fundamenta Informaticae},
	volume={130},
	number={2},
	pages={247--261},
	year={2014},
	publisher={IOS Press}
}
%===========FSM intention recognition=========%
@article{bolchini1995finite,
  title={Finite State Machine},
  author={Bolchini, Cristiana and Sciuto, Donatella},
  year={1995}
}
@inproceedings{gu2014automated,
  title={Automated assembly skill acquisition through human demonstration},
  author={Gu, Ye and Sheng, Weihua and Ou, Yongsheng},
  booktitle={Robotics and Automation (ICRA), 2014 IEEE International Conference on},
  pages={6313--6318},
  year={2014},
  organization={IEEE}
}

@article{garrido2014automatic,
  title={Automatic generation and detection of highly reliable fiducial markers under occlusion},
  author={Garrido-Jurado, S and Mu{\~n}oz-Salinas, Rafael and Madrid-Cuevas, Francisco Jos{\'e} and Mar{\'\i}n-Jim{\'e}nez, Manuel Jes{\'u}s},
  journal={Pattern Recognition},
  volume={47},
  number={6},
  pages={2280--2292},
  year={2014},
  publisher={Pergamon}
}

@inproceedings{awais2012proactive,
  title={Proactive premature intention estimation for intuitive human-robot collaboration},
  author={Awais, Muhammad and Henrich, Dominik},
  booktitle={Intelligent Robots and Systems (IROS), 2012 IEEE/RSJ International Conference on},
  pages={4098--4103},
  year={2012},
  organization={IEEE}
}

%================Finite State Machine================%
@article{bolchini1995finite,
  title={Finite State Machine},
  author={Bolchini, Cristiana and Sciuto, Donatella},
  year={1995}
}


%================ peer-to-peer ================%
@inproceedings{hoare2010using,
  title={Using on-line Conditional Random Fields to determine human intent for peer-to-peer human robot teaming},
  author={Hoare, John Robert and Parker, Lynne E},
  booktitle={Intelligent Robots and Systems (IROS), 2010 IEEE/RSJ International Conference on},
  pages={4914--4921},
  year={2010},
  organization={IEEE}
}

%================ aruco ================%
@article{garrido2014automatic,
  title={Automatic generation and detection of highly reliable fiducial markers under occlusion},
  author={Garrido-Jurado, S and Mu{\~n}oz-Salinas, Rafael and Madrid-Cuevas, Francisco Jos{\'e} and Mar{\'\i}n-Jim{\'e}nez, Manuel Jes{\'u}s},
  journal={Pattern Recognition},
  volume={47},
  number={6},
  pages={2280--2292},
  year={2014},
  publisher={Pergamon}
}

%================ hidden markov model ================%
@inproceedings{zhu2008wearable,
  title={Wearable sensors based human intention recognition in smart assisted living systems},
  author={Zhu, Chun and Sun, Wei and Sheng, Weihua},
  booktitle={Information and Automation, 2008. ICIA 2008. International Conference on},
  pages={954--959},
  year={2008},
  organization={IEEE}
}

@inproceedings{mcghan2012human,
  title={Human Intent Prediction Using Markov Decision Processes},
  author={McGhan, Catharine LR and Nasir, Ali and Atkins, Ella},
  booktitle={Proc. Infotech@ Aerospace Conference},
  year={2012}
}

%========The human intention was infered by the robot to provide human  automatically assitant in the process of human seraching for something in the  environment. According to the human intention and searching places, the robot can choose place to search to compensate the behavior of the human  peers.==========%
@inproceedings{xie2011intention,
  title={Intention-based coordination and interface design for human-robot  cooperative search},
  author={Xie, Dan and Lin, Yun and Grupen, Roderic and Hanson, Allen},
  booktitle={Intelligent Robots and Systems (IROS), 2011 IEEE/RSJ International Conference on},
  pages={3349--3354},
  year={2011},
  organization={IEEE}
}

%========A human intention reading method using fuzzy cognitive map and an  algoritnm decides the approporiate reactive behavior are developed to improve the human-robot interaction effiency. Computer simulation on human-robot cooperative object carrying task was carried out.=================%

@incollection{han2013human,
  title={Human intention reading by fuzzy cognitive map: A human-robot  cooperative object carrying task},
  author={Han, Ji-Hyeong and Kim, Jong-Hwan},
  booktitle={Robot Intelligence Technology and Applications 2012},
  pages={127--135},
  year={2013},
  publisher={Springer}
}


%================ direction recognition ================%
@inproceedings{quintero2013sepo,
  title={Sepo: Selecting by pointing as an intuitive human-robot command interface},
  author={Quintero, Camilo Perez and Fomena, Romeo Tatsambon and Shademan, Azad and Wolleb, Nina and Dick, Travis and Jagersand, Martin},
  booktitle={Robotics and Automation (ICRA), 2013 IEEE International Conference on},
  pages={1166--1171},
  year={2013},
  organization={IEEE}
}

%================ hand over to robot timing ================%
@inproceedings{song2013predicting,
  title={Predicting human intention in visual observations of hand/object interactions},
  author={Song, Dan and Kyriazis, Nikolaos and Oikonomidis, Iason and Papazov, Chavdar and Argyros, Antonis and Burschka, Darius and Kragic, Danica},
  booktitle={Robotics and Automation (ICRA), 2013 IEEE International Conference on},
  pages={1608--1615},
  year={2013},
  organization={IEEE}
}

%================ insert screw ================%
@inproceedings{cherubini2013multimodal,
  title={Multimodal control for human-robot cooperation},
  author={Cherubini, Andrea and Passama, Robin and Meline, Arnaud and Crosnier, Andr{\'e} and Fraisse, Philippe},
  booktitle={Intelligent Robots and Systems (IROS), 2013 IEEE/RSJ International Conference on},
  pages={2202--2207},
  year={2013},
  organization={IEEE}
}

%================ assembly handover parts by robot ================%
@inproceedings{kwon2013proactive,
  title={Proactive planning using a hybrid temporal influence diagram for human assistive robots},
  author={Kwon, Woo Young and Suh, Il Hong},
  booktitle={Robotics and Automation (ICRA), 2013 IEEE International Conference on},
  pages={1785--1791},
  year={2013},
  organization={IEEE}
}

%================ FSM ================%
@inproceedings{awais2012proactive,
  title={Proactive premature intention estimation for intuitive human-robot collaboration},
  author={Awais, Muhammad and Henrich, Dominik},
  booktitle={Intelligent Robots and Systems (IROS), 2012 IEEE/RSJ International Conference on},
  pages={4098--4103},
  year={2012},
  organization={IEEE}
}

@inproceedings{goto2013human,
  title={Human-Robot Collaborative Assembly by On-line Human Action Recognition Based on an FSM Task Model},
  author={Goto, Hiraki and Miura, Jun and Sugiyama, Junichi},
  booktitle={Human-Robot Interaction 2013 Workshop on Collaborative Manipulation},
  year={2013}
}

@inproceedings{iros14axbyczWL,
  author = {Jiaole Wang and Liao Wu and Max Q.-H. Meng and Hongliang Ren},
  title = {Towards Simultaneous Coordinate Calibrations for Cooperative Multiple Robots},
  booktitle = {IROS 2014, IEEE/RSJ International Conference on Intelligent Robots and Systems, Sept.14¨C18, 2014},
  year = {2014},
  pages = {-}
}
@inproceedings{liu2014human,
  title={Human robot cooperation based on human intention inference},
  author={Liu, Tingting and Wang, Jiaole and Meng, Max Q-H},
  booktitle={Robotics and Biomimetics (ROBIO), 2014 IEEE International Conference on},
  pages={350--355},
  year={2014},
  organization={IEEE}
}
%=============EHMM intention learning==========%
@INPROCEEDINGS{liu2015evolving, 
author={Tingting Liu and Jiaole Wang and Max Q.-H. Meng},
booktitle={2015 IEEE International Conference on Robotics and Biomimetics (ROBIO)}, 
title={Evolving hidden Markov model based human intention learning and inference}, 
year={2015}, 
volume={}, 
number={}, 
pages={206-211}, 
keywords={control engineering computing;hidden Markov models;human-robot interaction;inference mechanisms;learning (artificial intelligence);EHMM;evolving hidden Markov model;human intention learning;human robot cooperation;inference method;intuitive cooperative capability;preteaching approach;Hidden Markov models;Probabilistic logic;Probability;Service robots;Shape;Three-dimensional displays;Hidden Markov model;Human intention learning;Human intention recognition;Human robot cooperation}, 
doi={10.1109/ROBIO.2015.7418768}, 
ISSN={}, 
month={Dec},}

%%%%%Introduction%%%%%
@INPROCEEDINGS{liu2014human, 
author={Tingting Liu and Jiaole Wang and Meng, M.Q.-H.}, 
booktitle={Robotics and Biomimetics (ROBIO), 2014 IEEE International Conference on}, 
title={Human robot cooperation based on human intention inference}, 
year={2014}, 
pages={350-355}, 
keywords={finite state machines;human-robot interaction;intelligent robots;assembly configurations;finite state machine approach;human intention inference;human intention recognition algorithm;human operator;human robot cooperation tasks;implicit control method;noisy situations;real data;robotic agents;simulation data;Assembly;Cameras;Noise measurement;Robot vision systems;Shape}, 
doi={10.1109/ROBIO.2014.7090355}, 
month={Dec},}
%4
@article{mcghan2015human,
	title={Human intent prediction using markov decision processes},
	author={McGhan, Catharine LR and Nasir, Ali and Atkins, Ella M},
	journal={Journal of Aerospace Information Systems},
	volume={12},
	number={5},
	pages={393--397},
	year={2015},
	publisher={American Institute of Aeronautics and Astronautics}
}
%5
@inproceedings{zhu2008wearable,
	title={Wearable sensors based human intention recognition in smart assisted living systems},
	author={Zhu, Chun and Sun, Wei and Sheng, Weihua},
	booktitle={Information and Automation, 2008. ICIA 2008. International Conference on},
	pages={954--959},
	year={2008},
	organization={IEEE}
}
%6
@inproceedings{awais2010human,
	title={Human-robot collaboration by intention recognition using probabilistic state machines},
	author={Awais, Muhammad and Henrich, Dominik},
	booktitle={Robotics in Alpe-Adria-Danube Region (RAAD), 2010 IEEE 19th International Workshop on},
	pages={75--80},
	year={2010},
	organization={IEEE}
}
%7

%8
@inproceedings{song2013predicting,
	title={Predicting human intention in visual observations of hand/object interactions},
	author={Song, Dan and Kyriazis, Nikolaos and Oikonomidis, Iason and Papazov, Chavdar and Argyros, Antonis A and Burschka, Darius and Kragic, Danica},
	booktitle={ICRA},
	year={2013}
}
%9
@inproceedings{kwon2013proactive,
	title={Proactive planning using a hybrid temporal influence diagram for human assistive robots},
	author={Kwon, Woo Young and Suh, Il Hong},
	booktitle={Robotics and Automation (ICRA), 2013 IEEE International Conference on},
	pages={1785--1791},
	year={2013},
	organization={IEEE}
}
%%%%%Intention meaning%%%%%
%%%ehmm01
@article{ravichandar2017human,
	title={Human Intention Inference Using Expectation-Maximization Algorithm With Online Model Learning.},
	author={Ravichandar, Harish Chaandar and Dani, Ashwin P},
	journal={IEEE Trans. Automation Science and Engineering},
	volume={14},
	number={2},
	pages={855--868},
	year={2017}
}
%%%ehmm02
@article{cox2006case,
	title={Case-based plan recognition with novel input},
	author={Cox, Michael T and Kerkez, Boris},
	journal={Control and intelligent systems},
	volume={34},
	number={2},
	pages={96--104},
	year={2006},
	publisher={Citeseer}
}
%%%ehmm03
@article{han2016behavior,
	title={Behavior Hierarchy-Based Affordance Map for Recognition of Human Intention and Its Application to Human--Robot Interaction},
	author={Han, Ji-Hyeong and Lee, Seung-Jae and Kim, Jong-Hwan},
	journal={IEEE Transactions on Human-Machine Systems},
	volume={46},
	number={5},
	pages={708--722},
	year={2016},
	publisher={IEEE}
}
%%%ehmm04
@article{lenzi2012intention,
	title={Intention-based EMG control for powered exoskeletons},
	author={Lenzi, Tommaso and De Rossi, Stefano Marco Maria and Vitiello, Nicola and Carrozza, Maria Chiara},
	journal={IEEE transactions on biomedical engineering},
	volume={59},
	number={8},
	pages={2180--2190},
	year={2012},
	publisher={IEEE}
}
%%%ehmm05
@article{li2017implicit,
	title={Implicit intention communication in human--robot interaction through visual behavior studies},
	author={Li, Songpo and Zhang, Xiaoli},
	journal={IEEE Transactions on Human-Machine Systems},
	volume={47},
	number={4},
	pages={437--448},
	year={2017},
	publisher={IEEE}
}
%%%ehmm06
 
%%%ehmm07
@article{zizoua2017development,
	title={Development of a Bracelet With Strain-Gauge Matrix for Movement Intention Identification in Traumatic Amputees},
	author={Zizoua, Cherif and Raison, Maxime and Boukhenous, Samir and Attari, Mokhtar and Achiche, Sofiane},
	journal={IEEE Sensors Journal},
	volume={17},
	number={8},
	pages={2464--2471},
	year={2017},
	publisher={IEEE}
}
%%%ehmm08

%%%ehmm09
@inproceedings{awais2013human,
	title={Human-robot interaction in an unknown human intention scenario},
	author={Awais, Muhammad and Henrich, Dominik},
	booktitle={Frontiers of Information Technology (FIT), 2013 11th International Conference on},
	pages={89--94},
	year={2013},
	organization={IEEE}
}
%%%ehmm10
 
%%%ehmm11
%%%ehmm12
@inproceedings{cherubini2013multimodal,
	title={Multimodal control for human-robot cooperation},
	author={Cherubini, Andrea and Passama, Robin and Meline, Arnaud and Crosnier, Andr{\'e} and Fraisse, Philippe},
	booktitle={Intelligent Robots and Systems (IROS), 2013 IEEE/RSJ International Conference on},
	pages={2202--2207},
	year={2013},
	organization={IEEE}
}
%%%ehmm13
@article{jansen2006computational,
	title={A computational model of intention reading in imitation},
	author={Jansen, Bart and Belpaeme, Tony},
	journal={Robotics and Autonomous Systems},
	volume={54},
	number={5},
	pages={394--402},
	year={2006},
	publisher={Elsevier}
}
%%%ehmm14
 
%%%ehmm15
 
%%%ehmm16
 
%%%ehmm17
%%%ehmm18
@article{kwon2014planning,
	title={Planning of proactive behaviors for human--robot cooperative tasks under uncertainty},
	author={Kwon, Woo Young and Suh, Il Hong},
	journal={Knowledge-Based Systems},
	volume={72},
	pages={81--95},
	year={2014},
	publisher={Elsevier}
}
%%%ehmm19
@inproceedings{kwon2011towards,
	title={Towards proactive assistant robots for human assembly tasks},
	author={Kwon, Woo Young and Suh, Il Hong},
	booktitle={Proceedings of the 6th International Conference on Human-robot Interaction},
	pages={175--176},
	year={2011},
	organization={ACM}
}
%%%ehmm20
 
%%%ehmm21
@inproceedings{liu2014use,
	title={Use context to understand user's implicit intentions in Activities of Daily Living},
	author={Liu, Rui and Zhang, Xiaoli and Li, Songpo},
	booktitle={Mechatronics and Automation (ICMA), 2014 IEEE International Conference on},
	pages={1214--1219},
	year={2014},
	organization={IEEE}
}
%%%ehmm22
 
%%%ehmm23
 
%%%ehmm24
@inproceedings{schmid2007proactive,
	title={Proactive robot task selection given a human intention estimate},
	author={Schmid, Andreas J and Weede, Oliver and Worn, Heinz},
	booktitle={Robot and Human interactive Communication, 2007. RO-MAN 2007. The 16th IEEE International Symposium on},
	pages={726--731},
	year={2007},
	organization={IEEE}
}
%%%ehmm25
%%%ehmm26
@inproceedings{schrempf2005novel,
	title={A novel approach to proactive human-robot cooperation},
	author={Schrempf, Oliver C and Hanebeck, Uwe D and Schmid, Andreas J and Worn, Heinz},
	booktitle={Robot and Human Interactive Communication, 2005. ROMAN 2005. IEEE International Workshop on},
	pages={555--560},
	year={2005},
	organization={IEEE}
}
%%%ehmm27
 
%%%ehmm28
 
%%%ehmm29

%%%ehmm30
%%%%%Ontology based approach%%%%%
@inproceedings{jeon2008ontology,
	title={Ontology-based user intention recognition for proactive planning of intelligent robot behavior},
	author={Jeon, Hochul and Kim, Taehwan and Choi, Joongmin},
	booktitle={Multimedia and Ubiquitous Engineering, 2008. MUE 2008. International Conference on},
	pages={244--248},
	year={2008},
	organization={IEEE}
}
@inproceedings{rafferty2013ontological,
	title={Ontological goal modelling for proactive assistive living in smart environments},
	author={Rafferty, Joseph and Chen, Liming and Nugent, Chris},
	booktitle={International Conference on Ubiquitous Computing and Ambient Intelligence},
	pages={262--269},
	year={2013},
	organization={Springer}
}
@inproceedings{schlenoff2012approach,
	title={An Approach to Ontology-based Intention Recognition using State Representations.},
	author={Schlenoff, Craig and Foufou, Sebti and Balakirsky, Stephen},
	booktitle={KEOD},
	pages={178--183},
	year={2012}
}
@article{schlenoff2015intention,
	title={Intention recognition in manufacturing applications},
	author={Schlenoff, Craig and Kootbally, Zeid and Pietromartire, Anthony and Franaszek, Marek and Foufou, Sebti},
	journal={Robotics and Computer-Integrated Manufacturing},
	volume={33},
	pages={29--41},
	year={2015},
	publisher={Elsevier}
}
@article{schlenoff2013ontology,
	title={Ontology-based state representations for intention recognition in human--robot collaborative environments},
	author={Schlenoff, Craig and Pietromartire, Anthony and Kootbally, Zeid and Balakirsky, Stephen and Foufou, Sebti},
	journal={Robotics and Autonomous Systems},
	volume={61},
	number={11},
	pages={1224--1234},
	year={2013},
	publisher={Elsevier}
}
%%%%%Probabilistic approach%%%%%
%1
@inproceedings{tahboub2004intention,
	title={Intention recognition of a human commanding a mobile robot},
	author={Tahboub, Karim A},
	booktitle={Cybernetics and Intelligent Systems, 2004 IEEE Conference on},
	volume={2},
	pages={896--901},
	year={2004},
	organization={IEEE}
}
%2
@article{wang2013probabilistic,
	title={Probabilistic movement modeling for intention inference in human--robot interaction},
	author={Wang, Zhikun and M{\"u}lling, Katharina and Deisenroth, Marc Peter and Ben Amor, Heni and Vogt, David and Sch{\"o}lkopf, Bernhard and Peters, Jan},
	journal={The International Journal of Robotics Research},
	volume={32},
	number={7},
	pages={841--858},
	year={2013},
	publisher={SAGE Publications Sage UK: London, England}
}
%3
@inproceedings{awais2012proactive,
	title={Proactive premature intention estimation for intuitive human-robot collaboration},
	author={Awais, Muhammad and Henrich, Dominik},
	booktitle={Intelligent Robots and Systems (IROS), 2012 IEEE/RSJ International Conference on},
	pages={4098--4103},
	year={2012},
	organization={IEEE}
}
%4
@inproceedings{awais2012online,
	title={Online intention learning for human-robot interaction by scene observation},
	author={Awais, Muhammad and Henrich, Dominik},
	booktitle={Advanced Robotics and its Social Impacts (ARSO), 2012 IEEE Workshop on},
	pages={13--18},
	year={2012},
	organization={IEEE}
}
%5
@inproceedings{kelley2008understanding,
	title={Understanding human intentions via hidden markov models in autonomous mobile robots},
	author={Kelley, Richard and Tavakkoli, Alireza and King, Christopher and Nicolescu, Monica and Nicolescu, Mircea and Bebis, George},
	booktitle={Proceedings of the 3rd ACM/IEEE international conference on Human robot interaction},
	pages={367--374},
	year={2008},
	organization={ACM}
}
%6
@inproceedings{khokar2014novel,
	title={A novel telerobotic method for human-in-the-loop assisted grasping based on intention recognition},
	author={Khokar, Karan and Alqasemi, Redwan and Sarkar, Sudeep and Reed, Kyle and Dubey, Rajiv},
	booktitle={Robotics and Automation (ICRA), 2014 IEEE International Conference on},
	pages={4762--4769},
	year={2014},
	organization={IEEE}
}
%7
@inproceedings{kwon2012temporal,
	title={A temporal bayesian network with application to design of a proactive robotic assistant},
	author={Kwon, Woo Young and Suh, Il Hong},
	booktitle={Robotics and Automation (ICRA), 2012 IEEE International Conference on},
	pages={3685--3690},
	year={2012},
	organization={IEEE}
}
%8
@article{liu2016fuzzy,
	title={Fuzzy context-specific intention inference for robotic caregiving},
	author={Liu, Rui and Zhang, Xiaoli},
	journal={International Journal of Advanced Robotic Systems},
	volume={13},
	number={5},
	pages={1729881416662780},
	year={2016},
	publisher={SAGE Publications Sage UK: London, England}
}
%9
@inproceedings{magnanimo2014bayesian,
	title={A bayesian approach for task recognition and future human activity prediction},
	author={Magnanimo, Vito and Saveriano, Matteo and Rossi, Silvia and Lee, Dongheui},
	booktitle={Robot and Human Interactive Communication, 2014 RO-MAN: The 23rd IEEE International Symposium on},
	pages={726--731},
	year={2014},
	organization={IEEE}
}
%10
@inproceedings{chaandar2016bayesian,
	title={Bayesian human intention inference through multiple model filtering with gaze-based priors},
	author={chaandar Ravichandar, Harish and Kumar, Avnish and Dani, Ashwin},
	booktitle={Information Fusion (FUSION), 2016 19th International Conference on},
	pages={2296--2302},
	year={2016},
	organization={IEEE}
}
%%%%%BDI-based approach%%%%%
%1
@article{rafferty2017activity,
	title={From activity recognition to intention recognition for assisted living within smart homes},
	author={Rafferty, Joseph and Nugent, Chris D and Liu, Jun and Chen, Liming},
	journal={IEEE Transactions on Human-Machine Systems},
	volume={47},
	number={3},
	pages={368--379},
	year={2017},
	publisher={IEEE}
}
%2
@inproceedings{lin2017rgb,
	title={A RGB-D sensor and speech interaction based object manipulation system with improved CBR-BDI reasoning},
	author={Lin, Yunhan and Min, Huasong and Zhou, Haotian and Wu, Fan and Xiong, Zhiheng},
	booktitle={Control \& Automation (ICCA), 2017 13th IEEE International Conference on},
	pages={12--17},
	year={2017},
	organization={IEEE}
}
%%% 10
@article{eddy1996hidden,
  title={Hidden markov models},
  author={Eddy, Sean R},
  journal={Current opinion in structural biology},
  volume={6},
  number={3},
  pages={361--365},
  year={1996},
  publisher={Elsevier}
}
%%% 11
@article{forney1973viterbi,
  title={The viterbi algorithm},
  author={Forney Jr, G David},
  journal={Proceedings of the IEEE},
  volume={61},
  number={3},
  pages={268--278},
  year={1973},
  publisher={IEEE}
}
%%% 12
@article{vasquez2009growing,
  title={Growing hidden markov models: An incremental tool for learning and predicting human and vehicle motion},
  author={Vasquez, Dizan and Fraichard, Thierry and Laugier, Christian},
  journal={The International Journal of Robotics Research},
  year={2009},
  publisher={Sage Publications}
}

%==============algorithm description=============%
% Baum-Welch algorithm
@article{rabiner1989tutorial,
	title={A tutorial on hidden Markov models and selected applications in speech recognition},
	author={Rabiner, Lawrence R},
	journal={Proceedings of the IEEE},
	volume={77},
	number={2},
	pages={257--286},
	year={1989},
	publisher={Ieee}
}
%===========experiment==============%
% subject number comparison 1
@article{wang2018facilitating,
  title={Facilitating Human-Robot Collaborative Tasks by Teaching-Learning-Collaboration From Human Demonstrations},
  author={Wang, Weitian and Li, Rui and Chen, Yi and Diekel, Z Max and Jia, Yunyi},
  journal={IEEE Transactions on Automation Science and Engineering},
  number={99},
  pages={1--14},
  year={2018},
  publisher={IEEE}
}
% subject number comparison 2
@article{sadrfaridpour2017collaborative,
  title={Collaborative assembly in hybrid manufacturing cells: an integrated framework for human-robot interaction},
  author={Sadrfaridpour, Behzad and Wang, Yue},
  journal={IEEE Transactions on Automation Science and Engineering},
  year={2017},
  publisher={IEEE}
}
% subject number comparison 3
@article{li2017implicit,
  title={Implicit intention communication in human--robot interaction through visual behavior studies},
  author={Li, Songpo and Zhang, Xiaoli},
  journal={IEEE Transactions on Human-Machine Systems},
  volume={47},
  number={4},
  pages={437--448},
  year={2017},
  publisher={IEEE}
}